@article{DBLP:journals/pacmpl/EhrhardPT18,
  author    = {Thomas Ehrhard and
               Michele Pagani and
               Christine Tasson},
  title     = {Measurable cones and stable, measurable functions: a model for probabilistic
               higher-order programming},
  journal   = {{PACMPL}},
  volume    = {2},
  number    = {{POPL}},
  pages     = {59:1--59:28},
  year      = {2018},
  url       = {http://doi.acm.org/10.1145/3158147},
  doi       = {10.1145/3158147},
  timestamp = {Fri, 05 Jan 2018 12:57:30 +0100},
  biburl    = {https://dblp.org/rec/bib/journals/pacmpl/EhrhardPT18},
  bibsource = {dblp computer science bibliography, https://dblp.org}
}

@book{AshDD00,
author={Robert B.~Ash and Catherine Dol\'{e}ans-Dade},
title={Probability and measure Theory}, 
publisher={Harcourt Academic Press},
year=2000}

@inproceedings{DBLP:conf/popl/ChatterjeeFNH16,
  author    = {Krishnendu Chatterjee and
               Hongfei Fu and
               Petr Novotn{\'{y}} and
               Rouzbeh Hasheminezhad},
  editor    = {Rastislav Bod{\'{\i}}k and
               Rupak Majumdar},
  title     = {Algorithmic analysis of qualitative and quantitative termination problems
               for affine probabilistic programs},
  booktitle = {Proceedings of the 43rd Annual {ACM} {SIGPLAN-SIGACT} Symposium on
               Principles of Programming Languages, {POPL} 2016, St. Petersburg,
               FL, USA, January 20 - 22, 2016},
  pages     = {327--342},
  publisher = {{ACM}},
  year      = {2016},
  url       = {https://doi.org/10.1145/2837614.2837639},
  doi       = {10.1145/2837614.2837639},
  timestamp = {Mon, 25 Mar 2019 12:12:16 +0100},
  biburl    = {https://dblp.org/rec/conf/popl/ChatterjeeFNH16.bib},
  bibsource = {dblp computer science bibliography, https://dblp.org}
}

@inproceedings{DBLP:conf/popl/FioritiH15,
  author    = {Luis Mar{\'{\i}}a Ferrer Fioriti and
               Holger Hermanns},
  editor    = {Sriram K. Rajamani and
               David Walker},
  title     = {Probabilistic Termination: Soundness, Completeness, and Compositionality},
  booktitle = {Proceedings of the 42nd Annual {ACM} {SIGPLAN-SIGACT} Symposium on
               Principles of Programming Languages, {POPL} 2015, Mumbai, India, January
               15-17, 2015},
  pages     = {489--501},
  publisher = {{ACM}},
  year      = {2015},
  url       = {https://doi.org/10.1145/2676726.2677001},
  doi       = {10.1145/2676726.2677001},
  timestamp = {Tue, 06 Nov 2018 11:07:43 +0100},
  biburl    = {https://dblp.org/rec/conf/popl/FioritiH15.bib},
  bibsource = {dblp computer science bibliography, https://dblp.org}
}

@inproceedings{DBLP:conf/icfp/BorgstromLGS16,
  author    = {Johannes Borgstr{\"{o}}m and
               Ugo Dal Lago and
               Andrew D. Gordon and
               Marcin Szymczak},
  title     = {A lambda-calculus foundation for universal probabilistic programming},
  booktitle = {Proceedings of the 21st {ACM} {SIGPLAN} International Conference on
               Functional Programming, {ICFP} 2016, Nara, Japan, September 18-22,
               2016},
  pages     = {33--46},
  year      = {2016},
}

@inproceedings{DBLP:conf/ppdp/BreuvartL18,
  author    = {Flavien Breuvart and
               Ugo Dal Lago},
  title     = {On Intersection Types and Probabilistic Lambda Calculi},
  booktitle = {Proceedings of the 20th International Symposium on Principles and
               Practice of Declarative Programming, {PPDP} 2018, Frankfurt am Main,
               Germany, September 03-05, 2018},
  pages     = {8:1--8:13},
  year      = {2018},
  crossref  = {DBLP:conf/ppdp/2018},
  url       = {https://doi.org/10.1145/3236950.3236968},
  doi       = {10.1145/3236950.3236968},
  timestamp = {Wed, 21 Nov 2018 12:44:13 +0100},
  biburl    = {https://dblp.org/rec/bib/conf/ppdp/BreuvartL18},
  bibsource = {dblp computer science bibliography, https://dblp.org}
}

@article{DBLP:journals/pacmpl/HarkKGK20,
  author    = {Marcel Hark and
               Benjamin Lucien Kaminski and
               J{\"{u}}rgen Giesl and
               Joost{-}Pieter Katoen},
  title     = {Aiming low is harder: induction for lower bounds in probabilistic
               program verification},
  journal   = {{PACMPL}},
  volume    = {4},
  number    = {{POPL}},
  pages     = {37:1--37:28},
  year      = {2020},
  url       = {https://doi.org/10.1145/3371105},
  doi       = {10.1145/3371105},
  timestamp = {Mon, 13 Jan 2020 08:55:29 +0100},
  biburl    = {https://dblp.org/rec/bib/journals/pacmpl/HarkKGK20},
  bibsource = {dblp computer science bibliography, https://dblp.org}
}

@article{DBLP:journals/pacmpl/McIverMKK18,
  author    = {Annabelle McIver and
               Carroll Morgan and
               Benjamin Lucien Kaminski and
               Joost{-}Pieter Katoen},
  title     = {A new proof rule for almost-sure termination},
  journal   = {{PACMPL}},
  volume    = {2},
  number    = {{POPL}},
  pages     = {33:1--33:28},
  year      = {2018},
  url       = {https://doi.org/10.1145/3158121},
  doi       = {10.1145/3158121},
  timestamp = {Wed, 25 Sep 2019 17:42:16 +0200},
  biburl    = {https://dblp.org/rec/bib/journals/pacmpl/McIverMKK18},
  bibsource = {dblp computer science bibliography, https://dblp.org}
}
a service of Schloss Dagstuhl - Leibniz Center for Informatics  homebrowsesearchabout

@article{DBLP:journals/pacmpl/AgrawalC018,
  author    = {Sheshansh Agrawal and
               Krishnendu Chatterjee and
               Petr Novotn{\'{y}}},
  title     = {Lexicographic ranking supermartingales: an efficient approach to termination
               of probabilistic programs},
  journal   = {{PACMPL}},
  volume    = {2},
  number    = {{POPL}},
  pages     = {34:1--34:32},
  year      = {2018},
  url       = {https://doi.org/10.1145/3158122},
  doi       = {10.1145/3158122},
  timestamp = {Tue, 06 Nov 2018 12:51:06 +0100},
  biburl    = {https://dblp.org/rec/bib/journals/pacmpl/AgrawalC018},
  bibsource = {dblp computer science bibliography, https://dblp.org}
}

@article{SchreuderO19,
  author    = {Anne Schreuder and C.-H.~Luke Ong},
  title     = {Polynomial Probabilistic Invariants and the Optional Stopping Theorem},
  journal   = {CoRR},
  OPTvolume    = {abs/***},
  year      = {2019},
  OPTurl       = {http://arxiv.org/abs/***},
  archivePrefix = {arXiv},
  OPTeprint    = {***},
  note={To appear on arXiv. See also \url{http://www.cs.ox.ac.uk/people/luke.ong/personal/publications/tacas.pdf}
}

@inproceedings{DBLP:conf/esop/LagoG17,
  author    = {Ugo Dal Lago and
               Charles Grellois},
  title     = {Probabilistic Termination by Monadic Affine Sized Typing},
  booktitle = {Programming Languages and Systems - 26th European Symposium on Programming,
               {ESOP} 2017, Held as Part of the European Joint Conferences on Theory
               and Practice of Software, {ETAPS} 2017, Uppsala, Sweden, April 22-29,
               2017, Proceedings},
  pages     = {393--419},
  year      = {2017},
  crossref  = {DBLP:conf/esop/2017},
  url       = {https://doi.org/10.1007/978-3-662-54434-1\_15},
  doi       = {10.1007/978-3-662-54434-1\_15},
  timestamp = {Tue, 14 May 2019 10:00:41 +0200},
  biburl    = {https://dblp.org/rec/bib/conf/esop/LagoG17},
  bibsource = {dblp computer science bibliography, https://dblp.org}
}

@unpublished{MakOP20a,
author={Carol Mak and C.-H. L. Ong and Hugo Paquet},
title={Almost-surely terminating probabilistic programs are differentiable almost everywhere},
note={Extended abstract, submitted to PROBPROG 2020},
year= 2020}

@unpublished{MakOP20b,
author={Carol Mak and C.-H. L. Ong and Hugo Paquet},
title={Universal probabilistic programming and almost everywhere-differentiable densities},
note={Working draft, version of 18 January 2020},
year= 2020}

@article{DBLP:journals/corr/abs-2004-03924,
  author    = {Carol Mak and
               C.{-}H. Luke Ong and
               Hugo Paquet and
               Dominik Wagner},
  title     = {Densities of almost-surely terminating probabilistic programs are
               differentiable almost everywhere},
  journal   = {CoRR},
  volume    = {abs/2004.03924},
  year      = {2020},
  url       = {https://arxiv.org/abs/2004.03924},
  archivePrefix = {arXiv},
  eprint    = {2004.03924},
  timestamp = {Tue, 14 Apr 2020 16:40:34 +0200},
  biburl    = {https://dblp.org/rec/journals/corr/abs-2004-03924.bib},
  bibsource = {dblp computer science bibliography, https://dblp.org}
}

@unpublished{Wagner20,
author={Dominik Wagner},
title={Verification of Variational Inference for Probabilistic Programming: Research Proposal},
note={DPhil transfer},
year= 2020}

@MISC{Kennaway96infinitarylambda,
    author = {J.R. Kennaway and J. W. Klop and M.R. Sleep and F.J. de Vries},
    title = {Infinitary Lambda Calculus},
    year = {1996}
}
